

@online{first,
	author = {Darshan Adakane},
	title = {What are Haar Features used in Face Detection?},
	year = 2019,
	url = {https://medium.com/analytics-vidhya/what-is-haar-features-used-in-face-detection-a7e531c8332b},
	urldate = {2023-01-11}
}



@online{second,
	author = {Philipp Viertel, André Kaleja},
	title = {Haar Cascades},
	url =
 {https://fh-bielefeld-mif-sw-engineerin.gitbooks.io/script/content/embedded-computing/gesichtserkennung/haar-cascades.html},
	urldate = {2023-01-11}
}


@online{drei,
	author = {Daniel Neumann},
	title = {Master Thesis - Fahrzeugerfassung mithilfe von Stereo-Vision sowie HOG-,LBP-, und Haar-Feature-basierter Bildklassifikatoren},
	url =
	{https://www.mi.fu-berlin.de/inf/groups/ag-ki/Theses/Completed-theses/Master_Diploma-theses/2016/Neumann/Master-Neumann.pdf},
	urldate = {2023-01-11}
}


@online{vier,
	author = {Marco Schmid, Beni Keller },
	title = {Einführung ins Programmieren mit Python},
	url = {https://pythonbuch.com/gui.html},
	urldate = {2023-01-11}
}


@online{hackaday,
	author = {hanno},
	title = {Face Detection using a Haar Cascade Classifier},
	url = {https://hackaday.io/project/12384-autofan-automated-control-of-air-flow/log/41956-face-detection-using-a-haar-cascade-classifier},
	urldate = {2023-01-11}
}

@online{webrtc,
	author = {Yuichiro Tachibana},
	title = {streamlit-webrtc},
	url = {https://github.com/whitphx/streamlit-webrtc},
	urldate = {2023-01-11}
}
